% This file was created with Citavi 5.3.1.0

@article{Bass&Clements&Kazmann.2012,
 author = {Bass, Len and Clements, Paul C. and Kazmann, Rick},
 year = {2012},
 title = {Software Architecture in Practice}
}


@misc{cassandra,
 title = {Missing documentation in Cassandra},
 url = {\url{http://cassandra.apache.org/doc/latest/architecture/overview.html}},
 urldate = {30.07.2017}
}


@misc{cassandra2,
 title = {Missing documentation in Cassandra 2},
 url = {\url{http://cassandra.apache.org/doc/latest/architecture/dynamo.html}},
 urldate = {30.07.2017}
}


@article{Chatzakis.2016,
 author = {Chatzakis, Andreas},
 year = {2016},
 title = {Architecting for the Cloud: AWS Best Practices}
}


@misc{eastic,
 title = {Elasticsearch Homepage},
 url = {\url{https://www.elastic.co}},
 urldate = {30.07.2017}
}


@article{FOX&BREWER.1999,
 author = {Fox, Armando and Brewer, Eric A.},
 year = {1999},
 title = {Harvest, yield, and scalable tolerant systems},
 pages = {174--178},
 journal = {Hot Topics in Operating Systems}
}


@article{Garlan&Shaw.1994,
 author = {Garlan, David and Shaw, Mary},
 year = {1994},
 title = {An introduction to software architecture}
}


@misc{McCandless.2016,
 author = {McCandless, Michael},
 year = {2016},
 title = {Multi-dimensional points, coming in Apache Lucene 6.0},
 url = {\url{https://www.elastic.co/blog/lucene-points-6.0}},
 urldate = {30.07.2017}
}


@book{Wolff.2016,
 author = {Wolff, Eberhard},
 year = {2016},
 title = {Microservices: Grundlagen flexibler Softwarearchitekturen},
 price = {(mobi)},
 address = {Heidelberg},
 edition = {1., korrigierter Nachdruck},
 publisher = {dpunkt.verlag},
 isbn = {3864918421}
}


